This file was created with JabRef 1.8.1.
Encoding: UTF8


@Online{
    Social_Engineering_Wenn_die_Gefahr_im_Anzug_kommt__t3n_2015-04-26,
    title = {Social Engineering: Wenn die Gefahr im Anzug kommt | t3n},
    author = {},
    organization = {},
    file = {:./references/Social Engineering: Wenn die Gefahr im Anzug kommt | t3n.html:html},
    url = {http://t3n.de/news/social-engineering-529713/},
    urldate = {2015-04-26} }

@Online{
    Beispiel_fr_einen_Social_Engineering_Angriff_Social_Engineering_-_Manipulation_2015-04-26,
    title = {Beispiel für einen Social Engineering Angriff | Social Engineering - Manipulation},
    author = {},
    organization = {},
    file = {:./references/Beispiel für einen Social Engineering Angriff | Social Engineering - Manipulation.html:html},
    url = {http://socialengineering24.de/social-engineering/social-engineering-angriffe/beispiel-fur-einen-social-engineering-angriff/},
    urldate = {2015-04-26} }

@book{
    human_hacking,
    editor = {Christopher Hadnagy},
    title      = {Die Kunst des Human Hacking},
    booktitle = {Die Kunst des Human Hacking},
    publisher = {mitp-Verlag},
    address = {},
    year = 2011
}
